@article{volz2012complex,
  title={Complex population dynamics and the coalescent under neutrality},
  author={Volz, Erik M},
  journal={Genetics},
  volume={190},
  number={1},
  pages={187--201},
  year={2012},
  publisher={Genetics Soc America}
}

@article{vaughan2013stochastic,
  title={A Stochastic Simulator of Birth--Death Master Equations with Application to Phylodynamics},
  author={Vaughan, Timothy G and Drummond, Alexei J},
  journal={Molecular biology and evolution},
  volume={30},
  number={6},
  pages={1480--1493},
  year={2013},
  publisher={SMBE}
}
